<?xml version="1.0" encoding="UTF-8"?><collection xmlns="http://www.loc.gov/MARC21/slim"><record><leader>00453nam--2200169-i-4500</leader><controlfield tag="001">000029789</controlfield><controlfield tag="002">20161230</controlfield><controlfield tag="005">20161230201037</controlfield><controlfield tag="008">060222s1000------------r-----000-0-eng-d</controlfield><datafield ind1=" " ind2=" " tag="040"><subfield code="a">IFIN-HH</subfield></datafield><datafield ind1=" " ind2=" " tag="080"><subfield code="a">539.12</subfield></datafield><datafield ind1="1" ind2=" " tag="100"><subfield code="a">Lovelace, C</subfield></datafield><datafield ind1="1" ind2="0" tag="245"><subfield code="a">Pomeron from factors and dual regge cuts</subfield><subfield code="c">C. lovelace</subfield></datafield><datafield ind1=" " ind2=" " tag="260"><subfield code="a">New Brunswick, New Jersey</subfield><subfield code="b">Department Of Physics</subfield><subfield code="c">1971</subfield></datafield><datafield ind1=" " ind2=" " tag="300"><subfield code="a">17P</subfield></datafield><datafield ind1=" " ind2=" " tag="852"><subfield code="a">33915</subfield><subfield code="c">539.12</subfield></datafield><datafield ind1=" " ind2=" " tag="CAT"><subfield code="a">Sys</subfield><subfield code="c">20111121</subfield><subfield code="h">132518</subfield></datafield></record></collection>